
@misc{pth,
title = {{GNU Portable Threads.}},
howpublished = {\url{http://www.gnu.org/software/pth/}
},
}


@inproceedings{bienia2009parsec,
  title={Parsec 2.0: A new benchmark suite for chipmultiprocessors},
  author={Bienia, C. and Li, K.},
  booktitle={Proceedings of the 5th Annual Workshop on Modeling Benchmarking and Simulation},
  year={2009}
}
